@misc{aadc-website,
title = "Startseite des 'Audi Autonomous Driving Cup",
howpublished   = "https://www.audi-autonomous-driving-cup.com/wettbewerb/ueberblick/"
}
@misc{im2c-geschichte,
title="Im$^2$C Geschichte",
howpublished="https://www.i2c-bus.org/twi-bus/"
}
@misc{im2c-bussystem,
title=" Im$^2$C Geschichte",
howpublished="http://www.g-heinrichs.de/pdv/i2c.pdf;
http://www.robot-electronics.co.uk/i2c-tutorial;
http://www.atmel.com/Images/8183S.pdf"
}